@article{Mendes:LOSS,
author = {Pablo N. Mendes and Alexandre Passant and Pavan Kapanipathi and Amit P. Sheth},
title = {Linked Open Social Signals},
journal ={Web Intelligence and Intelligent Agent Technology, IEEE/WIC/ACM International Conference on},
volume = {1},
isbn = {978-0-7695-4191-4},
year = {2010},
pages = {224-231},
doi = {http://doi.ieeecomputersociety.org/10.1109/WI-IAT.2010.314},
publisher = {IEEE Computer Society},
address = {Los Alamitos, CA, USA},
}

@misc{Jadhav:Twitris,
  author = {Ashutosh Jadhav and Hemant Purohit and Pavan Kapanipathia and Pramod Ananthram and Ajith Ranabahu and Vinh Nguyen and Pablo N. Mendes and Alan Gary Smith and Michael Cooney and Amit Sheth},
  title = {Twitris 2.0 : Semantically Empowered System for Understanding Perceptions From Social Data},
  howpublished = {Semantic Web Challenge at the 9$^{th}$ International Semantic Web Conference (ISWC2010), Shanghai, China},
  year = {2010},
  url = {http://www.cs.vu.nl/~pmika/swc/submissions/swc2010_submission_8.pdf}
}

@inproceedings{Passant2008,
  author = {Alexandre Passant and Tuukka Hastrup and Uldis Bojars and John Breslin},
  booktitle = {Proceedings of the 4$^{th}$ Workshop on Scripting for the Semantic Web, Tenerife, Spain, June 02, 2008, CEUR Workshop Proceedings},
  title = {Microblogging: A Semantic and Distributed Approach},
  url = {http://CEUR-WS.org/Vol-368/paper11.pdf},
  year = 2008,
}

@InProceedings{Tummarello:Sindice,
 author =     {Giovanni Tummarello and Renaud Delbru and Eyal Oren},
 title =      {{Sindice.com: weaving the open linked data}},
 booktitle =  {6$^{th}$ International Semantic Web Conference (ISWC'07)},
 year =       {2007},
 pages =      {552--565},
 address =    {Busan, Korea}
}

@InProceedings {Bizer:DBpedia,
  author =      {S\"{o}ren Auer and Christian Bizer and Georgi Kobilarov and Jens Lehmann and Richard Cyganiak and Zachary G. Ives},
  title =       {{DBpedia: A Nucleus for a Web of Open Data}},
  booktitle =   {6$^{th}$ International Semantic Web Conference (ISWC'07)},
  year =        {2007},
  pages =       {722--735},
  address =     {Busan, Korea}
}
